2934 4892
163 22 254 87 valet
277 23 315 88 de
338 24 468 92 scholiis
491 27 531 93 ad
555 26 776 112 Aristophanis
796 31 876 96 Itan.
899 48 928 96 v.
940 30 1031 95 *1302
1054 33 1084 95 et
1101 18 1195 112 Vesp.
1217 47 1248 94 v.
1267 28 1360 110 1239,

164 151 363 218 quamquam
392 138 480 204 totus
509 139 598 204 locus
626 139 672 205 ihi
696 159 714 205 a
736 140 866 205 Musuro
893 139 1101 224 interpolatus
1133 160 1199 206 esse
1227 141 1359 227 videtur,

168 245 209 312 cf.
234 247 376 315 Dubueri
399 250 474 317 edit.
498 251 689 316 scholiorum
711 272 745 335 p.v
764 252 830 318 460
852 256 887 317 et
905 254 980 320 535.
1004 246 1169 335 paululum
1190 252 1361 341 immutata

165 358 277 423 autem
298 361 430 443 praebet
450 361 530 427 haee
553 365 647 428 verba
678 363 849 430 scholiasta
871 364 911 428 ad
935 364 1066 429 Luciani
1089 383 1144 448 pro
1167 366 1257 446 lapsu
1280 365 1362 429 inter

165 469 376 536 salutandum
400 491 426 537 c.
452 474 487 539 6:
512 475 657 556 σκολιόν,
679 474 890 558 pauperatae
911 472 992 563 ᾠδή,
1017 475 1061 552 ὡς
1083 478 1139 540 καὶ
1161 479 1363 560 Δικαίαρχος

167 580 266 668 ἐντῷ
283 586 361 666 περὶ
376 593 554 668 μουσικῆς·
578 586 641 649 δύο
658 586 748 670 (ddi)
764 588 843 669 γένη
866 581 909 668 ἦν
931 581 1048 673 ᾠδῶν.
1062 634 1070 651 .
1083 608 1109 671 ‚3
1133 605 1212 669 quac
1227 605 1363 669 sequun-

167 691 222 756 tur
261 711 336 763 cum
373 695 471 762 Suida
509 697 680 780 ceterisque
718 699 927 763 consentiunt.
986 716 1022 764 ac
1062 697 1245 764 Dicaearchi
1282 697 1362 764 liber

162 806 277 870 utrum
300 806 472 890 inscriptus
495 809 590 873 fuerit
612 810 687 891 περὶ
702 817 874 892 μουσικῶν
888 804 1041 892 dycaeo,
1064 812 1146 892 quod
1161 808 1275 875 Suidas
1292 809 1361 874 alii-

165 934 230 998 que
246 916 418 998 affirmant,
442 938 483 984 an
498 921 575 1003 περὶ
589 922 763 1002 μουσικῆς,
786 921 869 1002 quod
884 920 1072 985 scholiastae
1086 920 1233 986 Lucianei
1248 921 1363 986 nititur

164 1028 364 1109 testimonio,
380 1031 416 1095 ut
428 1030 631 1112 inquiramus,
649 1049 712 1095 non
722 1030 814 1095 huius
827 1029 968 1104 loclesse
983 1013 1117 1107 videtur,
1134 1050 1227 1114 quam
1243 1035 1282 1099 ob
1297 1051 1364 1097 rem

168 1156 237 1214 eos,
262 1140 317 1221 qui
340 1141 518 1206 accuratius
541 1142 579 1206 de
602 1159 639 1205 ea
662 1158 694 1205 re
718 1139 836 1206 edoceri
859 1141 978 1219 volunt,
1002 1142 1042 1205 ad
1058 1139 1173 1206 Naelrii
1195 1142 1233 1208 de
1248 1142 1361 1207 Dicae·

169 1251 263 1316 archi
279 1251 406 1335 scriptis
420 1251 669 1335 disputationem
684 1251 787 1318 Musei
797 1251 939 1316 Rhenani
955 1252 1017 1325 vol.
1033 1252 1049 1317 Ι
1067 1252 1178 1334 (1833)
1193 1272 1223 1336 p.
1236 1253 1281 1319 40
1291 1272 1360 1336 sqq.

166 1361 324 1436 insertam
353 1363 510 1444 relegasse
538 1362 680 1428 sufficiet.
716 1362 844 1427 maioris
873 1365 980 1427 autem
1009 1364 1160 1429 momenti
1190 1366 1248 1440 est,
1278 1366 1360 1446 quod

164 1471 304 1539 Luciaui
319 1473 493 1539 scholiasta
508 1475 579 1549 duo,
602 1471 713 1537 Suidas
729 1473 792 1538 tria
814 1472 925 1539 horum
946 1475 1120 1539 carminum
1135 1492 1248 1558 genera
1264 1475 1360 1540 fuisse

161 1583 259 1670 dicit.
283 1588 365 1668 quod
387 1585 415 1650 si
437 1587 541 1663 verba,
570 1584 677 1667 qualia
699 1584 860 1651 codicibus
888 1587 1066 1671 traduntur,
1095 1586 1290 1669 respicimus,
1320 1587 1359 1651 de

164 1697 294 1781 duobus
329 1698 456 1762 tantum
490 1697 666 1760 carminum
699 1695 910 1761 convivalium
944 1697 1107 1780 generibus
1140 1697 1192 1781 agi
1223 1697 1361 1763 videtur.

161 1807 227 1872 sed
257 1807 425 1890 quominus
449 1807 481 1873 id
510 1825 565 1889 pro
593 1825 664 1871 vero
695 1807 899 1888 accipiamus,
928 1807 1108 1873 Artemonis
1137 1809 1242 1875 obstat
1270 1810 1362 1875 testi·

167 1918 316 1985 monium
348 1919 431 2001 apud
460 1918 576 1984 Athen.
604 1919 663 1984 XV
692 1919 756 1984 694
778 1921 824 2003 Α;
857 1918 913 1983 uhi
942 1920 1048 1986 autem
1076 1923 1128 2005 de
1142 1921 1261 1987 duobus
1290 1938 1360 1986 car·

164 2030 298 2096 minum
321 2030 532 2097 convivalium
554 2029 721 2114 generibus
744 2049 844 2096 sermo
860 2031 917 2109 est,
938 2031 1038 2096 veluti
1053 2034 1135 2112 apud
1151 2031 1358 2098 Plutarchum

164 2123 303 2221 Quaest.
327 2142 497 2225 symposl
523 2142 552 2221 l,
567 2142 598 2221 5,
623 2142 661 2205 de
676 2159 737 2223 quo
751 2142 819 2207 loco
840 2142 949 2224 postea
971 2143 1147 2207 accuratius
1170 2141 1359 2208 disseramus

163 2230 307 2337 oportet,
336 2272 387 2317 res
416 2253 464 2319 ita
493 2256 539 2317 est
569 2256 760 2335 comparata,
790 2253 827 2316 ut
849 2272 886 2318 ea
909 2253 1050 2318 carmina
1072 2256 1127 2318 aut
1150 2253 1190 2319 ab
1214 2254 1362 2320 omnibns

162 2366 268 2431 simul
290 2367 346 2430 aut
368 2384 387 2429 a
408 2364 540 2448 singulis
563 2364 709 2448 deinceps
732 2365 859 2431 cantata
881 2384 945 2430 esse
968 2364 1130 2430 referatur.
1160 2384 1195 2430 eo
1219 2384 1299 2444 vero,
1324 2365 1362 2430 de

160 2495 233 2559 quo
265 2478 397 2559 agimm,
426 2477 495 2540 loco
524 2475 663 2540 carmina
688 2475 745 2540 illa
766 2476 801 2540 iu
823 2470 974 2542 conviviis
998 2477 1053 2541 aut
1075 2495 1093 2540 a
1115 2475 1250 2558 singulis
1273 2476 1362 2541 dein·

160 2605 255 2670 ceps,
276 2589 332 2652 aut
347 2606 366 2651 a
381 2586 514 2670 singulis
530 2586 618 2652 nullo
634 2590 719 2652 certo
734 2587 841 2652 ordine
856 2592 984 2652 servato
994 2589 1120 2653 cantata
1135 2607 1200 2652 esse
1216 2586 1361 2670 legimus,

161 2698 205 2764 id
230 2701 313 2781 quod
335 2716 393 2764 nec
414 2716 469 2780 per
491 2716 524 2763 se
547 2698 741 2764 verisimile
765 2698 823 2777 est,
846 2700 991 2780 quoniam
1019 2698 1129 2782 hymni
1151 2698 1201 2764 vel
1228 2683 1361 2781 pacaues

162 2810 213 2899 ab
236 2810 383 2875 omnihus
407 2810 544 2875 convivis
566 2808 663 2874 simul
686 2808 805 2876 cantati
827 2809 1014 2875 aconviviis
1029 2828 1202 2895 numquam
1217 2811 1362 2893 poterant

164 2921 294 3000 abesse,
318 2938 375 2985 nec
398 2919 583 2986 Dicaearchi
612 2921 694 2986 hanc
721 2919 910 2986 sententiam
939 2920 1036 2986 luisse
1064 2921 1115 2986 vel
1143 2920 1217 2986 inde
1247 2920 1359 2999 elucet,

161 3032 257 3115 quod
279 3032 424 3097 omnihus
446 3031 522 3097 locis
545 3031 663 3116 legitur
684 3033 760 3116 τρία
781 3033 861 3114 γένη
885 3034 1008 3113 excepto
1024 3031 1153 3096 huciani
1175 3024 1355 3116 scholiasta,

164 3142 229 3226 qui
253 3143 321 3207 sine
344 3143 438 3210 dubio
460 3144 558 3209 verba
580 3144 726 3224 corrupta
749 3159 817 3206 esse
838 3140 995 3206 intellexit
1015 3142 1166 3207 stlocum
1182 3142 1356 3209 squarte

165 3254 370 3321 correcturus
384 3270 550 3336 perperam
565 3252 692 3335 scripsit
706 3253 780 3317 ooo.
796 3253 901 3335 itaque
915 3272 983 3317 rem
997 3271 1055 3318 acu
1071 3253 1214 3338 tetigisse
1231 3253 1357 3319 videtur

164 3365 352 3432 Fridericus
367 3366 437 3444 Ast,
466 3367 518 3446 qui
541 3364 575 3428 in
597 3363 687 3442 libro,
711 3363 762 3428 cui
785 3363 944 3447 inscripsit
967 3359 1153 3430 ‘Grundriss
1177 3347 1238 3429 der¹
1253 3362 1361 3428 Philo·

166 3474 273 3558 logie'
296 3473 407 3557 p.,105
429 3476 513 3540 hunc
535 3474 637 3539 locum
660 3473 706 3540 ita
721 3473 900 3540 constituit:
922 3476 975 3539 ὅτι
997 3479 1071 3558 τρία
1091 3477 1170 3558 γένη
1196 3470 1236 3555 ἦν
1251 3471 1362 3560 ᾠδῶν,

167 3588 214 3653 τὸ
228 3585 290 3668 μὲν
311 3587 378 3652 ὑπὸ
399 3590 535 3652 πάντων
558 3583 736 3673 ᾀδόμενον,
757 3586 802 3649 τὸ
825 3586 867 3650 δὲ
889 3585 967 3650 καθ’
990 3585 1048 3650 ἕνα
1072 3584 1154 3668 ἑξῆς,
1176 3584 1213 3648 τὸ
1236 3584 1272 3648 δὲ
1295 3585 1363 3650 ὑπὸ

167 3707 242 3763 τῶν
264 3702 499 3762 cunctatorem
520 3697 585 3763 ιιιὲ.
610 3697 660 3780 (cl.
685 3697 782 3762 etiarn
798 3694 1136 3762 hebraei-Adversaris
1157 3695 1205 3761 ed.
1221 3695 1363 3780 Wagner
