2934 4892
585 103 819 168 ...100-

111 289 184 356 ficta
217 293 290 355 sunt
324 290 476 356 convivio.
511 309 612 374 neque
641 293 725 358 enim
755 290 874 374 primus
903 291 1092 359 Plutarchus
1121 301 1187 356 eno
1215 292 1296 358 turb

111 412 228 487 σοφῶν
257 405 444 489 συμπόσιον
473 403 683 487 composuisse
713 403 846 483 videtur,
880 404 1108 484 concliorum,
1138 405 1193 488 qui
1223 404 1296 470 ante

108 532 181 580 oum
205 514 325 581 similes
348 515 596 599 conscripserant
618 515 754 595 libellos,
777 517 902 583 secutus
918 518 1067 600 exempla.
1091 516 1182 583 facile
1197 516 1297 601 igitur

110 628 179 693 fieri
201 628 314 712 potuit,
337 629 375 693 ut
397 628 502 694 nescio
525 628 594 711 quis
618 629 651 694 iu
673 629 732 694 tali
755 628 896 694 convivio
921 629 1135 709 describendo,
1158 648 1229 695 cum
1244 649 1294 695 res

108 741 274 824 adpotum
290 739 438 820 venisset,
456 742 576 825 septem
592 742 747 824 sapientes
762 741 860 807 etiam
876 742 973 808 scolis
988 744 1148 808 cantantes
1164 742 1294 827 fingeret

110 856 206 935 etque
229 871 265 916 ex
287 852 433 936 plurimis
455 871 535 934 quae
558 853 724 920 exstabant
751 853 858 920 scoliis
885 854 1001 920 dilecte
1022 872 1059 919 ea
1081 854 1215 938 singulis
1237 856 1292 921 tri·

111 964 231 1045 bueret,
254 982 426 1048 quaecum
449 964 588 1031 moribus
611 985 718 1032 eorum
742 985 835 1048 quam
857 966 993 1032 manime
1016 966 1191 1048 conspirare
1208 967 1292 1032 vide·

110 1080 230 1145 rentur.
260 1078 426 1162 praecepta
455 1078 560 1143 eutem
592 1078 696 1144 ecoliis
724 1078 788 1144 illis
817 1078 968 1145 contineri
998 1097 1088 1144 nemo
1116 1079 1290 1145 mirabitur.

110 1209 185 1257 nam
207 1191 241 1256 et
263 1189 467 1256 conveniebat
495 1190 529 1255 id
559 1189 755 1273 sapientibus
785 1190 851 1257 illis
875 1195 906 1256 et
929 1191 1087 1275 permulta
1112 1193 1179 1257 eius
1210 1191 1291 1257 modi

111 1303 283 1387 composita
306 1304 396 1367 erant
418 1302 522 1383 scolis,
553 1320 631 1385 quse
659 1303 768 1385 quanti
798 1304 966 1370 aestimata
986 1305 1050 1370 sint
1072 1305 1233 1389 colligitur
1255 1322 1290 1369 ex

110 1417 158 1494 iis,
180 1432 261 1497 quae
282 1413 463 1481 Athenaeus
485 1413 544 1480 XV
566 1414 630 1480 694
651 1413 675 1481 G
698 1414 790 1480 dicit:
814 1417 918 1498 καλὴν
940 1417 977 1481 oe
1000 1419 1123 1500 ταύτην
1144 1417 1292 1501 ἐνόμιζον

109 1528 170 1611 τὴν
191 1531 387 1612 παραίνεσίν
409 1530 444 1594 τέ
472 1551 547 1594 τινα
574 1531 629 1594 καί
656 1530 793 1613 γνώμην
821 1528 907 1612 ἔχειν
937 1529 1105 1595 δοκοῦσαν
1132 1532 1292 1615 χρησίμην

109 1662 144 1706 τε
166 1641 213 1717 είς
234 1640 292 1704 τὸν
313 1641 398 1723 βίον.

213 1934 283 1998 Iam
306 1931 414 2011 habes,
438 1931 589 2015 quidquid
611 1932 649 1997 de
672 1931 840 1996 scoliorum
862 1931 963 2016 poetis
987 1950 1006 1997 a
1028 1933 1188 2000 veteribus
1204 1931 1291 1997 nobis

111 2045 264 2111 traditum
287 2051 343 2109 est.
367 2044 459 2123 unde,
482 2044 510 2109 si
533 2044 616 2109 viam
639 2048 762 2128 spectas
785 2061 822 2108 ac
844 2043 1009 2125 rationem,
1039 2065 1101 2129 qua
1126 2049 1290 2114 scoliorum

110 2157 209 2240 poesis
232 2156 354 2223 exculta
376 2156 417 2221 sit
439 2157 533 2238 atque
556 2156 755 2240 amplificata,
779 2156 811 2222 et
833 2157 979 2237 oetatem,
1009 2177 1070 2241 qua
1100 2177 1137 2224 ea
1159 2158 1292 2243 vignerii

111 2288 231 2352 quaque
260 2268 413 2352 paulatim
443 2266 614 2333 imminuta
636 2268 678 2333 sit
701 2268 796 2351 atque
819 2270 990 2353 antiquatae,
1019 2271 1095 2335 baec
1116 2272 1179 2336 fere
1202 2268 1290 2335 colli·

111 2381 243 2467 gunturz

213 2493 239 2558 I.
264 2491 367 2559 Scolia
387 2511 406 2557 a
428 2492 606 2575 Terpandro
623 2491 718 2557 Aeolo
742 2492 782 2556 ad
805 2488 1014 2557 imitationem
1038 2494 1212 2559 carminum
1229 2493 1287 2578 Lp-

114 2607 235 2672 diorum
258 2603 429 2689 composita
452 2604 484 2668 in
507 2602 645 2670 Lesbum
668 2602 807 2669 insulam
829 2604 928 2669 ascita
950 2606 1032 2670 sunt.

213 2719 257 2783 11.
280 2717 424 2784 Fortasse
453 2718 516 2782 iam
544 2736 562 2781 a
590 2715 779 2799 Terpandro,
814 2719 897 2781 certe
930 2737 990 2782 non
1023 2718 1126 2782 multo
1154 2717 1225 2798 post
1253 2716 1291 2779 ab

111 2832 261 2897 Alcmene
283 2829 421 2895 carmina
442 2828 498 2893 illa
517 2827 664 2908 Spartam
687 2828 820 2894 advecta
842 2830 923 2912 sunt,
948 2849 1007 2912 quo
1031 2830 1151 2895 lactum
1173 2827 1229 2906 est,
1254 2831 1291 2890 ut

112 2942 205 3008 etiarn
230 2944 327 3008 Dores
350 2961 385 3007 ea
407 2940 591 3006 excolerent.

213 3054 274 3119 ΙΙΙ.
297 3053 468 3138 Pythermo
504 3056 629 3118 auctore
664 3052 755 3118 Iones
792 3054 888 3118 scolis
925 3057 1092 3133 nouerant,
1130 3054 1288 3119 Anacreon

113 3166 320 3232 Athenienses
343 3184 378 3230 ee
401 3164 514 3229 docuit.

214 3277 270 3343 IV.
294 3277 396 3343 Soolia
424 3276 564 3342 floruisse
593 3277 858 3361 videnturusque
881 3279 920 3343 ed
943 3277 1020 3343 belli
1040 3272 1290 3359 Peloponnesiaci

110 3392 215 3456 finem.
238 3409 311 3457 nam
326 3389 399 3455 inde
416 3390 454 3454 ab
470 3389 530 3455 hoc
545 3391 693 3474 tempore,
717 3394 753 3455 ut
775 3391 843 3455 tota
865 3390 965 3473 poesis
987 3387 1086 3473 lyrica
1102 3407 1171 3453 esse
1189 3386 1292 3465 desiit,

110 3504 157 3569 ita
185 3504 278 3570 etiam
302 3503 467 3569 scoliorum
491 3504 599 3586 poetae
627 3522 740 3569 nomen
770 3521 831 3569 non
859 3484 1003 3584 amplius
1022 3501 1293 3566 commemoratur.

214 3643 309 3709 Porro
338 3641 402 3708 illis
432 3641 624 3725 temporibus
651 3660 769 3707 morem
800 3640 963 3707 scoliorum
992 3639 1200 3705 canendorum
1224 3636 1294 3702 abo-

111 3756 227 3822 lescere
243 3756 381 3842 coepisse
403 3753 600 3839 cognoscitur
622 3773 658 3820 ex
675 3754 889 3839 Aristophanis
905 3752 988 3820 Nub.
1012 3773 1042 3818 u,
1060 3751 1141 3817 1357
1159 3769 1217 3832 sq.,
1240 3747 1294 3816 ubi

112 3867 304 3952 Strepeiades
328 3869 366 3934 de
388 3866 454 3933 filio
476 3885 531 3932 suo
554 3866 746 3933 haecdicit:

265 4009 283 4072 ὁ
307 4006 336 4068 δ’
361 4007 487 4082 εὐθέως
509 4005 655 4090 ἀρχαῖον
669 4001 728 4069 εἶν’
752 4006 875 4087 ἔφασκε
898 4006 935 4069 τὸ
958 4004 1139 4086 κιθαρίζειν

266 4119 360 4214 ᾅδειν
381 4143 415 4185 τε
437 4118 582 4201 πίνονθ’,
607 4117 747 4204 ὡσπερεί
768 4121 892 4205 κάχρυς
912 4118 1042 4202 γυναῖκ’
1066 4116 1223 4183 croccae.
