2934 4892
562 81 779 147 ..52-

886 268 1011 336 ἐὼάέ
1053 295 1069 336 ε

220 380 279 445 ἐὰν
302 382 437 466 ἀπειλῇ,
467 382 509 463 νὴ
533 380 587 445 Δί’
611 382 724 464 ἕτερον
751 381 831 464 (soil.
855 293 1002 460 σκογλιόν)
1026 296 1160 470 ἔσομαι.

220 481 381 576 ὦνθρωφ’
406 481 504 568 οὗτος
526 492 544 554 ὁ
567 495 747 575 μαιόμενος
768 494 805 556 τὸ
827 495 911 575 μέγα
932 495 1062 576 κράτος,

219 605 393 687 ἀντρέψεις
415 603 462 667 ἔτι
485 605 547 667 τάν
568 605 676 686 πόλιν,
701 604 722 668 ἀ
744 603 775 667 δ’
787 604 894 689 ἔχεται
916 604 1031 688 ῥοπᾶς.

95 758 171 822 quos
209 741 249 805 ad
287 759 395 806 versus
432 740 599 806 scholiasta
640 741 718 807 haec
763 740 939 807 adnotavit:
984 733 1142 826 ὦνθρωφ’
1188 730 1285 816 οὗτος

95 852 114 914 ὁ
136 853 351 935 μαινόμενος·
384 854 475 936 παρὰ
496 855 537 917 τὰ
561 849 730 917 Ἀλκαίου·
760 849 851 937 ὦνηρ
879 846 977 930 οὗτος
999 854 1018 916 ὁ
1041 857 1220 938 μαιόμενος
1247 852 1285 914 τὸ

95 967 178 1047 μέγα
200 967 335 1048 κράτος,
359 966 515 1048 ἀντρέψει
536 968 620 1049 τάχα
643 968 705 1029 τάν
726 969 840 1030 πόλιν·
863 968 930 1030 oc’
947 966 1054 1050 ἔχεται
1072 966 1186 1051 ῥοπᾶς.
1212 965 1286 1029 ἀντὶ

94 1086 155 1140 τοῦ
184 1079 289 1158 ζητῶν
318 1078 401 1158 μέγα
431 1080 565 1161 κράτος·
601 1079 691 1139 οὕτω
720 1077 749 1139 δ’
767 1079 908 1153 Αἰολεῖς.
944 1081 975 1142 ot
1009 1076 1048 1142 ad
1077 1097 1158 1143 vers.
1184 1077 1284 1143 1235:

95 1188 306 1270 ἀνατρέψεις·
329 1188 524 1272 ἀνατρέψεις
544 1190 666 1270 ταχέως
680 1188 741 1270 τὴν
755 1186 862 1270 πόλιν,
885 1191 956 1272 ἥτις
969 1192 1053 1272 πρὸς
1067 1201 1166 1255 τοῦτο
1182 1189 1284 1275 ῥέπει.

94 1299 131 1363 ἐκ
153 1308 220 1362 τῶν
235 1300 386 1364 Ἀλκαίου
416 1300 454 1363 δὲ
475 1298 625 1388 παρῳάεῑ
645 1299 693 1375 εἰς
714 1301 854 1364 Κλέωνα
883 1300 927 1377 ὡς
949 1303 1162 1385 μαινόμενον.
1201 1304 1284 1367 unde

95 1410 224 1493 apparet
246 1428 281 1474 ea
303 1428 423 1492 quoquo
446 1410 603 1493 carmina,
638 1428 715 1492 quas
738 1415 937 1476 στασιωτικά
966 1415 1119 1478 vocantur
1140 1433 1159 1479 a
1179 1431 1285 1497 gram·

95 1521 234 1599 malicie,
264 1521 360 1587 scolis
382 1524 414 1586 et
436 1522 532 1587 fnisse
555 1526 586 1586 et
608 1524 767 1606 appellata
788 1541 863 1588 esse.
898 1544 999 1590 nonne
1023 1544 1093 1592 vero
1117 1525 1150 1590 id
1173 1525 1284 1590 certis-

96 1631 211 1698 simum
241 1633 462 1715 argumentum
497 1637 544 1698 est
573 1636 672 1698 totam
703 1634 822 1718 poesim
851 1636 990 1700 veterem
1013 1637 1177 1702 Aeolicam
1207 1637 1284 1701 olim

95 1745 193 1810 fnisse
209 1744 414 1825 convivalem,
437 1744 483 1810 ita
504 1747 541 1810 ut
556 1744 695 1811 carmina
710 1746 877 1810 sooliorum
891 1748 1015 1812 nomine
1038 1751 1164 1831 possent
1186 1749 1285 1832 signi·

94 1855 203 1921 ficari?
236 1856 289 1938 qui
318 1859 425 1920 autem
456 1856 558 1937 poesis
584 1856 713 1920 melicae
737 1857 914 1941 fragmenta
942 1858 1059 1924 edenda
1083 1860 1285 1939 curaverunt,

94 1968 210 2049 partim
249 1969 390 2033 veterum
423 1968 700 2049 grammaticorum
734 1970 874 2051 exempla
907 1970 1025 2048 secuti,
1070 1971 1189 2053 partim
1228 1988 1285 2036 suo

95 2077 224 2143 arbitrio
247 2078 338 2161 plura
362 2096 476 2161 genera
499 2079 747 2144 constituerem:
778 2084 952 2162 παροίνια,
975 2087 1178 2165 συμποτικά,
1202 2085 1286 2166 ἐρω-

94 2193 168 2254 τικά
190 2190 267 2266 alia3
296 2193 329 2253 et
350 2192 434 2253 recte
457 2189 592 2270 quidem,
622 2190 711 2254 modo
735 2195 897 2257 teneamus
921 2192 968 2256 his
991 2194 1168 2258 nominibus
1191 2212 1287 2277 argu·

95 2303 200 2367 menta
222 2305 347 2366 tanturn
378 2302 552 2366 carminum
582 2303 766 2384 significari,
796 2321 857 2368 uno
885 2306 991 2368 antem
1021 2323 1110 2385 posse
1139 2323 1284 2388 compre·

94 2413 189 2476 hendi
218 2411 398 2477 eiusmodi
427 2415 565 2478 carmina
594 2414 771 2479 convivalia
804 2415 926 2479 nomine
954 2417 975 2479 i.
998 2435 1026 2478 e.
1059 2418 1184 2480 nomine
1215 2436 1285 2482 sco·

94 2522 207 2589 liorum
215 2521 270 2604 ³¹).

198 2633 259 2699 Sed
285 2635 381 2699 etiam
405 2636 488 2717 apud
511 2636 588 2701 alias
605 2635 756 2701 Graeciae
772 2642 880 2720 gentes
903 2638 954 2702 hic
969 2638 1036 2701 illic
1050 2639 1189 2703 carmina
1207 2660 1283 2706 eon·

94 2745 211 2812 nivalia
239 2747 273 2810 in
296 2747 477 2841 universnm
500 2747 597 2812 scolis
620 2748 779 2830 appellata
810 2767 875 2814 esse
900 2750 1100 2816 manifestum
1123 2751 1161 2815 lit
1183 2752 1282 2816 Anti-

93 2858 203 2942 phanis
225 2857 329 2923 verbis
354 2862 435 2940 apud
458 2859 574 2925 Athen.
597 2859 657 2924 XV
681 2860 745 2925 695
769 2862 810 2926 ll:

315 2991 491 3079 Ἁρμόδιος
510 2996 708 3080 ἐπεκαλεῖτο,
731 3000 835 3062 παιὰν
857 2996 966 3085 ᾔδετο,

318 3112 464 3192 μεγάλην
486 3109 568 3184 Διὸς
591 3114 740 3194 σωτῆρος
763 3115 885 3174 ἄκοιτον
908 3100 968 3194 ἦρέ
989 3133 1048 3186 τις.

94 3246 205 3329 quibus
236 3246 378 3311 versibus
411 3247 476 3310 veri
507 3246 610 3313 simile
643 3247 680 3312 fit
714 3247 860 3312 scoliam
879 3247 960 3310 illud
993 3246 1215 3313 celeberimum
1246 3250 1281 3313 in

94 3358 300 3423 Harmodium
340 3358 435 3422 etiam
476 3361 513 3424 ut
548 3377 699 3441 paeonem
741 3359 902 3423 cantatum
942 3376 1017 3422 esso.
1069 3377 1143 3423 nam
1180 3359 1282 3425 scolia

94 3470 133 3534 ab
157 3469 301 3534 omnibus
332 3470 428 3534 etiam
463 3470 560 3534 simul
589 3473 715 3536 cantata
745 3489 810 3534 esse
839 3473 875 3533 nt
897 3488 1031 3553 paeanes
1057 3471 1155 3538 tradit
1178 3471 1278 3537 Olem.

93 3581 183 3646 Alex.
201 3582 251 3660 72,
268 3580 288 3644 3
304 3579 341 3646 S:
365 3582 500 3645 σκολιὸν
521 3574 619 3665 ᾑάετο
642 3591 764 3658 κοινῶς
780 3582 935 3645 ἁπάντων
951 3582 1018 3665 ἅμα
1033 3589 1131 3670 φωνῇ
1145 3605 1277 3647 παιανι-

94 3692 225 3772 ζόντων.
249 3692 424 3759 conferatur·
447 3693 542 3756 etiam
567 3693 681 3758 Athen.
705 3693 721 3756 l
745 3693 787 3758 23
809 3694 850 3758 E:
876 3695 1072 3777 Θεόπομπος

197 3986 228 4051 ³¹)
248 3984 395 4051 Quaenam
407 3981 448 4035 ita
457 3981 522 4049 sint,
534 3985 646 4052 apparet
655 3983 793 4052 iigenium
805 3984 905 4037 falsum
917 3999 974 4037 osse
986 3983 1119 4037 dicantem
1132 4000 1157 4051 p.
1166 3981 1276 4038 cxcv1

93 4079 208 4147 pessime
226 4078 313 4147 egisse
331 4076 479 4142 Nemeum,
492 4077 567 4147 quod
586 4077 679 4134 Alcaei
698 4079 818 4132 carmina
835 4078 907 4132 inter
925 4077 1008 4131 scolis
1025 4076 1183 4133 rettulisset.
