2934 4892
567 121 777 187 ..26-

79 330 145 378 esse
172 314 375 396 reputamus'
406 311 539 395 quodsi
563 309 711 376 Gladium
734 309 770 394 (l.
797 327 824 373 c.
848 308 863 372 I
885 328 916 392 p.
939 307 997 389 56)
1020 312 1146 375 secutus
1170 326 1274 374 vocu-

79 422 143 488 lam
162 425 192 488 εἰ
214 424 378 502 deleveris,
403 425 511 489 eadem
533 421 667 487 restabit
689 419 871 497 difficultas,
894 421 932 485 ut
948 420 1020 503 alia,
1043 439 1122 503 quae
1145 421 1273 502 possint

79 535 211 616 proferri
234 537 340 601 contra
362 534 443 600 hanc
466 533 653 600 emendandi
675 533 846 615 rationem,
869 531 1030 598 reticeam.
1060 531 1139 597 bene
1162 534 1274 596 autem

78 646 170 712 huius
192 647 253 713 loci
276 665 403 712 sensum
424 647 581 730 perspexit
596 643 807 722 Oasaubonus,
831 663 904 710 cum
926 644 1000 708 haec
1022 643 1189 709 coniceret:
1211 644 1274 707 καὶ

77 757 155 822 καθ’
184 760 300 824 όντινοι
322 748 386 824 οὖν
407 761 511 823 τόπον
532 760 664 842 τύχοιεν
686 759 789 834 ὄντες.
823 755 953 839 propius
977 755 1054 821 adeo
1077 757 1117 821 ad
1140 756 1271 820 littera·

76 888 164 952 rum,
188 888 267 951 quae
289 870 426 934 traditae
448 870 539 945 sunt,
564 866 806 933 similitudinem
829 868 961 933 accessit
980 866 1270 951 Schweighaeuser:

77 981 132 1044 καὶ
159 981 243 1044 κατὰ
265 982 368 1044 τόπον
391 982 507 1044 όντινα
530 971 593 1044 οὖν
614 981 746 1063 τύχοιεν
769 981 871 1056 ὄντες.
900 980 935 1044 at
956 978 1022 1044 sine
1044 978 1138 1045 dubio
1161 980 1270 1062 legen·

77 1089 153 1154 dum
175 1092 242 1154 est:
283 1091 445 1156 καὶκατὰ
467 1093 571 1157 τόπον
592 1089 694 1155 ὅντιν’
719 1091 771 1155 ἀεὶ
792 1092 924 1174 τύχοιεν
946 1093 1060 1171 ὄντες,
1102 1109 1177 1156 nam
1204 1109 1271 1154 uua

76 1202 197 1285 syllaba
220 1225 277 1284 ον,
301 1221 380 1285 quae
403 1207 474 1286 post
496 1204 599 1266 τόπον
621 1201 774 1267 facillime
796 1201 982 1268 intercidere
1004 1200 1124 1284 potuit,
1156 1202 1270 1267 addita

76 1315 214 1396 genuina
236 1314 385 1379 restituta
407 1318 454 1379 est
477 1312 588 1392 lectio,
621 1332 700 1396 quae
727 1314 821 1396 plano
843 1314 1009 1395 respondet
1032 1314 1194 1379 enuntiato
1215 1332 1267 1377 se·

75 1426 201 1506 quenti:
235 1427 321 1490 όποο
348 1426 463 1510 ἔτυχεν
482 1422 584 1490 εἶναι.
625 1424 705 1491 hanc
732 1425 830 1507 igitur
860 1426 1069 1490 coniecturam
1103 1424 1269 1509 proposuit

74 1536 187 1602 Runclr
209 1538 231 1604 l.
251 1556 277 1601 c.
301 1555 331 1619 p.
358 1537 388 1612 6,
412 1535 465 1619 qui
487 1537 555 1601 siue
577 1555 669 1602 causa
691 1537 865 1602 necessaria
886 1537 984 1601 etiam
1007 1538 1100 1613 ὄντες
1122 1536 1155 1600 in
1174 1537 1267 1620 ἕχον-

78 1672 132 1726 τες
152 1649 301 1714 mutavit.
325 1637 431 1713 cetera
443 1653 547 1713 autem
560 1649 718 1714 Athenaei
737 1648 832 1713 verba
848 1665 908 1712 non
923 1647 1051 1728 habent,
1075 1666 1153 1729 quae
1168 1647 1268 1714 offen·

76 1760 167 1839 dant,
191 1779 286 1843 quare
309 1759 426 1825 nimius
448 1759 481 1824 iu
498 1760 679 1825 coniciendo
703 1759 766 1824 luit
783 1758 909 1834 hunck,
935 1757 989 1841 qui
1012 1777 1068 1840 pro
1083 1762 1267 1843 γενόμενον

76 1872 201 1953 scripsit
222 1874 319 1955 γένος
341 1872 510 1959 ᾀδόμενον
532 1871 564 1935 et
579 1872 676 1936 verba
698 1870 767 1934 ἀλλ’
785 1872 870 1934 ὅπου
893 1870 1008 1954 ἔτυχεν
1030 1868 1116 1935 εἶναι
1139 1891 1156 1936 e
1178 1872 1265 1954 glos·

74 1985 191 2049 semate
213 1987 287 2047 nata
310 2001 377 2047 esse
400 1984 531 2048 censuit.
573 2001 646 2046 uam
669 1985 739 2064 post
761 1982 841 2066 οβ’
865 1982 932 2065 ἅμα
954 1986 1035 2065 μηθ’
1057 1982 1130 2066 ἑξῆς
1157 2002 1264 2048 neces·

73 2097 153 2160 sario
176 2095 392 2161 desiderantur
415 2095 510 2159 verba
532 2095 600 2158 ἀλλ’
628 2097 713 2160 ὅπου
737 2093 852 2179 ἔτυχεν
874 2090 978 2176 εἶναι,
1009 2093 1123 2177 quippe
1150 2093 1263 2176 quihus

76 2206 202 2272 demum
226 2207 399 2288 explicetur
422 2206 587 2271 scoliorum
610 2224 734 2273 nomen.

177 2316 260 2397 Quid
293 2317 390 2401 igitur
418 2316 621 2381 Artemonem
657 2318 694 2382 de
728 2317 896 2382 scoliorum
929 2318 1053 2382 uomiue
1074 2376 1075 2379 ,
1094 2316 1258 2383 tradidisse

74 2427 303 2511 comperimus?
336 2428 398 2492 tria
430 2427 457 2492 is
486 2427 661 2493 carminum
694 2429 904 2493 convivalium
926 2446 1042 2512 genera
1064 2428 1163 2493 fuisse
1185 2449 1258 2495 con-

74 2539 192 2614 tendit;
216 2539 281 2603 alia
303 2540 388 2603 enim
412 2540 451 2603 ab
467 2539 618 2604 universis
636 2541 785 2618 convivis,
810 2541 873 2604 alia
895 2560 914 2605 a
933 2540 1064 2623 singulis
1087 2559 1125 2605 ex
1140 2542 1256 2618 ordine,
1313 2606 1316 2611 ,

75 2649 139 2715 alia
175 2669 194 2715 a
229 2650 428 2733 peritioribus
472 2650 689 2717 tantummodo
732 2651 822 2715 nullo
864 2652 948 2716 certo
986 2651 1094 2716 ordine
1130 2658 1256 2717 servato

77 2762 205 2825 cantata
227 2778 301 2826 esse.
336 2765 430 2842 atque
456 2761 543 2826 tertii
565 2761 687 2845 generis
710 2763 849 2827 carmina
874 2762 971 2826 scolia
997 2762 1156 2845 appellata
1178 2784 1257 2841 esse,

73 2889 158 2936 cum>
174 2891 273 2954 neque
300 2873 395 2938 simul
422 2873 460 2937 ab
484 2873 646 2953 omnibus,
685 2892 785 2956 neque
812 2874 955 2957 deinceps
987 2876 1174 2958 asiugulis‚
1207 2879 1260 2941 sed

74 2986 201 3050 confuso
224 2986 331 3051 ordine
355 2991 449 3068 atque
471 2987 648 3068 interrupta
670 2990 850 3052 canentium
872 2990 952 3053 serie
975 2991 1014 3054 ab
1037 3006 1098 3053 uno
1121 2988 1259 3053 alterove

75 3096 267 3162 efferrentur.
302 3097 410 3178 itaque
444 3098 506 3162 iam
541 3097 643 3179 primo
676 3099 763 3181 patet
789 3100 918 3180 aspectu
942 3100 1145 3163 Artemonem
1178 3096 1261 3161 idem

74 3208 224 3274 statuisse
246 3227 282 3273 ac
306 3208 543 3277 Dicaearchum.
574 3209 628 3274 sed
651 3228 711 3291 quo
735 3210 848 3275 clarior
870 3208 926 3274 fiat
948 3229 984 3275 ea
1006 3228 1072 3286 res,
1095 3211 1257 3289 utriusque

72 3317 232 3402 scriptoris
255 3319 349 3383 verba
371 3338 542 3403 apponam:

219 3431 488 3495 Dicaearchus
895 3433 1057 3496 Artemo

70 3542 121 3605 ότι
142 3547 217 3626 τρία
238 3544 317 3625 γένη
340 3532 383 3626 ’ἦν
405 3539 503 3630 ᾠδῶν
690 3552 793 3627 τριῶν
814 3551 922 3624 γενῶν
945 3544 1052 3608 ὄντων

68 3653 106 3716 τὸ
121 3651 182 3736 μὲν
197 3654 263 3718 ὑπὸ
278 3658 420 3717 πόντον·
429 3651 605 3738 ᾀδόμενον,
690 3643 738 3717 ὧν
752 3655 789 3717 τὸ
805 3654 866 3735 μὲν
880 3663 1013 3738 πρῶτον
1024 3646 1077 3739 ἦν,
1093 3656 1165 3738 ὃδὴ
1177 3659 1259 3719 πόν-

732 3787 791 3842 τοις
803 3761 902 3852 ,ᾅδειν
916 3768 1019 3849 νόμος
1035 3757 1088 3851 ἦν,

68 3875 105 3937 τὸ
129 3875 165 3938 δὲ
187 3875 265 3938 καθ’
282 3875 341 3938 ἕνα
364 3874 445 3958 ἑξῆς,
688 3876 725 3939 τὸ
738 3876 774 3938 δὲ
791 3876 958 3960 δεύτερον,
975 3877 1046 3959 ὃδὴ
1066 3881 1186 3956 πάντες
1196 3880 1258 3963 μὲν

689 3976 783 4069 ᾖδον,
803 3989 844 4051 οὐ
860 3990 926 4072 μὴν
938 3992 1020 4055 ἀλλά
1033 4012 1071 4073 γε
1088 3994 1172 4055 acroi
1183 4014 1256 4056 τινα

732 4097 892 4181 περίοδον
914 4098 947 4176 ἐξ
970 4101 1146 4185 ὑποδοχῆς,
