2934 4892
421 0 499 68 de
543 2 674 72 hac
712 28 801 86 re,
859 14 1077 76 tamen
1127 31 1348 77 verum
1410 14 1819 98 praesagiisse
1880 16 2163 82 videtur:
2215 13 2392 81 ‘cum
2448 15 2643 82 scolia
2699 17 2818 81 illa

421 121 708 184 carmina
755 122 1134 208 dicerentur,
1196 143 1353 206 quae
1415 127 1639 191 ultimo
1698 129 1831 192 loco
1888 129 2056 193 inter
2100 127 2365 212 scyphos
2412 130 2586 194 nullo
2631 147 2817 194 accu-

415 225 687 295 bitionis
734 233 952 298 ordine
996 237 1246 301 servato
1291 255 1328 300 a
1356 237 1719 303 doctissimo
1764 257 2007 320 quoque
2052 240 2129 303 ad
2177 241 2381 323 lyram
2428 242 2814 317 canerentur,

415 357 572 405 cum
621 348 875 425 praeter
920 347 1038 411 hoc
1081 366 1277 411 unum
1324 348 1484 411 nihil
1529 347 1709 413 nobis
1756 350 2066 415 traditum
2112 350 2199 414 sit
2228 351 2329 414 vel
2362 350 2426 414 in
2461 351 2817 435 argumenti

408 454 657 520 natura
702 456 807 522 vel
851 457 919 521 in
961 458 1205 522 formae
1242 463 1354 523 aut
1386 478 1790 525 numerorum
1820 463 2121 543 positum,
2170 481 2299 544 quo.
2328 462 2524 528 scolia
2552 481 2815 546 genera-

414 565 572 630 liter
603 566 702 643 ‚ab
750 568 896 632 aliis
946 569 1350 648 carminibus,
1399 571 1523 635 nisi
1566 572 1721 636 haec
1766 573 1923 654 ipsa,
1973 574 2046 636 ut
2080 591 2367 656 paeaneS‚
2418 577 2657 639 certam
2690 574 2811 638 ali-

398 695 609 757 quam
654 683 879 744 notam
925 680 1217 758 habeant,
1265 684 1530 746 discerni
1574 684 1835 766 possint,
1884 683 2067 749 facile
2112 688 2373 767 apparet
2411 704 2594 750 omne
2623 685 2808 750 huius

401 791 590 856 modi
646 791 955 858 iudicium
1019 793 1178 874 (scil.
1240 793 1404 874 quod
1458 793 1642 876 Ilgen
1704 794 1873 873 fecit,
1938 798 2047 876 qui
2104 799 2422 879 παροίνια
2469 798 2531 860 et
2576 795 2809 860 σκολιά

402 900 876 986 distinguenda
922 923 1057 969 esse
1117 904 1296 986 dicit)
1361 905 1672 969 lubricum
1730 924 1864 970 esse
1919 909 1983 970 et
2042 905 2551 989 incertissimum,
2616 911 2801 989 atque

400 1013 632 1078 omnia
676 1014 812 1080 fere
858 1015 1134 1081 carmina
1178 1035 1290 1098 pro
1337 1015 1549 1080 scoliis
1594 1015 1883 1098 usurpari
1917 1020 1979 1080 et
2014 1021 2252 1084 cantari
2291 1021 2586 1100 potuisse.
2634 1021 2803 1102 equi-

402 1124 559 1188 dem
611 1125 1022 1192 vehementer
1067 1127 1306 1206 dubito,
1354 1147 1506 1192 num
1538 1129 1733 1192 scolia
1762 1130 2006 1192 certum
2037 1129 2288 1210 aliquod
2322 1148 2394 1194 ac
2426 1129 2802 1196 distinctum

399 1238 778 1302 carminum
812 1239 1239 1304 convivalium
1279 1257 1476 1321 genus
1522 1235 1789 1303 fuerint?
1842 1257 2000 1320 quae
2046 1239 2391 1304 rectissime
2439 1260 2503 1306 se
2548 1243 2797 1325 habere,

395 1348 652 1428 partim
699 1348 829 1414 iam
875 1369 1093 1414 sumus
1139 1353 1344 1415 conati
1393 1350 1838 1428 demonstrare,
1887 1351 2120 1432 partim
2168 1370 2240 1414 ex
2269 1351 2371 1429 iis,
2418 1370 2578 1433 quae
2609 1355 2797 1419 modo

399 1457 807 1541 disputaturi
852 1480 1090 1545 summ,
1141 1461 1431 1527 elucebit.

619 1571 876 1637 Etenim
920 1573 1070 1650 iam,
1118 1592 1261 1638 cum
1308 1573 1642 1638 scoliorum
1689 1590 1914 1637 nomen
1961 1572 2439 1655 explica1·emUS‚
2495 1575 2793 1657 suspicati

395 1699 633 1746 sumus
680 1684 964 1748 carmina
1014 1685 1445 1749 vetustissima
1490 1686 1742 1749 Aeolica
1788 1683 2135 1749 cantilenas
2190 1684 2382 1749 fuisse
2431 1686 2788 1750 convivales

379 1796 462 1856 ,et
527 1795 730 1859 scolia
785 1794 1106 1877 appellata
1161 1813 1313 1860 esse.
1399 1814 1559 1877 quae
1624 1815 1722 1860 res
1780 1795 1965 1861 facile
2025 1797 2305 1860 veterum
2363 1800 2572 1878 potest
2618 1815 2783 1862 com-

393 1904 671 1983 probari
701 1907 1105 1970 testimoniis.
1152 1925 1225 1970 ac
1254 1905 1530 1988 primum
1572 1924 1800 1989 quaeso
1821 1907 2262 1988 Aristophanis
2308 1926 2555 1971 versum
2593 1909 2790 1991 inspi-

383 2013 532 2079 cias
587 2018 667 2081 ab
712 2017 1038 2081 Athenaeo
1083 2017 1203 2081 XV
1250 2018 1378 2081 694
1407 2020 1465 2080 A
1512 2019 1861 2083 servatum:
1912 2009 2081 2106 ᾆσον
2126 2019 2206 2100 δή
2253 2042 2367 2101 μοι
2413 2022 2683 2084 σκολιόν
2726 2043 2791 2084 τι

392 2125 637 2208 λαβὼν
685 2122 993 2192 Ἀλκαίου
1047 2123 1098 2191 κ’
1139 2125 1627 2213 Ἀνακρέοντος,
1674 2129 1896 2193 deinde
1939 2128 2300 2195 Aristotelis
2344 2131 2552 2226 locum
2596 2131 2783 2196 Polit.

387 2236 497 2302 III
552 2239 615 2303 9.
663 2240 725 2316 5,
790 2240 896 2322 qui
950 2239 1103 2303 haec
1160 2239 1380 2304 habet:
1440 2240 1587 2304 οἷον
1633 2241 1887 2304 εἵλοντό
1932 2263 2090 2305 ποτε
2134 2244 2584 2324 Μιτυληναῖοι
2631 2248 2784 2308 Πιτ-

388 2350 617 2413 τακὸν
675 2352 842 2434 πρὸς
885 2348 1042 2427 τοὺς
1087 2352 1423 2435 φυγάδας,
1482 2335 1582 2415 οἷν
1623 2355 2141 2436 προειστήκεσαν
2188 2348 2634 2437 Ἀντιμενίδης
2676 2357 2786 2418 καὶ

384 2456 703 2537 Ἀλκαῖος
747 2462 783 2524 ὁ
814 2464 1105 2544 ποιητής.
1153 2463 1349 2544 δηλοῖ
1388 2463 1446 2524 δ’
1474 2458 1790 2542 Ἀλκαῖος,
1838 2465 1940 2527 ὅτι
1985 2467 2320 2546 τύραννον
2366 2465 2619 2528 εἴλοντο
2665 2467 2781 2529 τὸν

395 2558 744 2636 Πιττακὸν
789 2574 862 2637 ἔν
907 2597 1038 2637 τινι
1081 2583 1214 2637 τῶν
1261 2577 1546 2636 σκολιῶν
1590 2577 1838 2656 μελῶν·
1901 2575 2161 2661 ἐπιτιμᾷ
2207 2576 2333 2657 γὰρ
2394 2579 2523 2639 ὅτι·

1750 2687 1867 2748 τὸν
1911 2687 2364 2769 κακοπατριόα

701 2798 1034 2861 Πιττακὸν
1077 2799 1328 2871 πόλεως
1381 2803 1498 2871 τᾶς
1556 2796 1770 2878 ἀχόλω
1826 2798 1938 2860 καὶ
1993 2797 2487 2879 βαρυδαίμονος

695 2907 1056 2972 ἐστάσαντο
1101 2910 1435 2990 τύραννον
1482 2905 1623 2990 μέγ’
1649 2907 2065 2982 ἐπαινέοντες
2108 2908 2388 2984 ἀολλέες.

393 3018 566 3099 quod
598 3018 1027 3102 fragmentum
1052 3018 1258 3100 Bergk
1279 3020 1444 3081 recte
1468 3017 1720 3098 quidem
1745 3018 1909 3080 inter
1938 3016 2132 3082 scolia
2162 3018 2307 3101 (frg.
2333 3019 2414 3083 37
2445 3018 2502 3081 A
2531 3037 2591 3100 p.
2617 3018 2769 3100 942)

393 3128 686 3205 rettulit,
747 3130 855 3193 sed
911 3146 948 3192 a
991 3126 1370 3192 carminibus
1428 3126 1765 3191 stasioticis
1823 3126 2153 3208 separavit.
2220 3127 2380 3210 quod
2440 3147 2594 3191 num
2638 3128 2774 3193 iure

400 3242 656 3318 fflcflrit„
708 3242 944 3306 dubito.
1016 3242 1152 3302 crat
1200 3242 1364 3302 enim
1412 3242 1605 3318 μέλος
1649 3238 1841 3302 simul
1897 3242 2329 3302 {sufflammat-:3²¹
2377 3242 2441 3302 st
2485 3242 2769 3302 σκολιῶν,

396 3370 600 3430 nsque
648 3370 792 3414 *vern
840 3350 1108 3414 alterum
1156 3350 1384 3430 pendet
1428 3354 1505 3410 ah
1553 3350 1769 3414 alteru.
1817 3369 1965 3414 nam
1997 3350 2285 3414 carminis
2333 3354 2769 3430 argumentum

396 3462 848 3538 significamus,
896 3462 948 3526 51
988 3462 1420 3522 στασιωτεκῦν
1464 3462 1877 3538 nummulus,
1925 3462 2021 3522 sin
2069 3462 2337 3522 σκολιὸν
2377 3462 2573 3538 μέλος
2617 3462 2767 3522 dini*

400 3590 560 3646 unffi,
612 3594 860 3638 carmen
908 3570 1228 3638 convivale
1276 3590 1408 3634 nssc
1456 3570 1785 3638 indicatur.
1833 3570 2157 3634 stssiutica
2201 3574 2409 3634 nutem
2461 3570 2525 3634 in
2565 3574 2765 3654 epulis,

396 3690 652 3746 cantata
696 3706 824 3750 esse
872 3682 1272 3746 cunfirmatur
1312 3682 1629 3766 Aristoph..
1681 3682 1861 3766 ¹lalesp.
1901 3702 1953 3746 v.
1997 3682 2161 3746 1230
2201 3702 2345 3762 sqq:
