2934 4892
85 89 220 172 ponitur,
251 90 326 172 quid
355 90 505 156 novatum
533 92 576 155 sit
598 90 632 154 in
664 95 732 156 erte
754 92 874 157 musice
895 111 918 156 a.
935 92 1096 157 veteribus
1118 91 1230 174 poetis,
1254 111 1270 154 e

84 201 245 283 scriptoris
273 201 380 266 nescio
407 200 497 267 cuius
520 201 601 268 libro
624 204 699 266 sunt
721 203 906 287 deprompta
931 204 965 285 (l.
989 222 1015 268 c.
1039 223 1070 287 p.
1095 204 1162 286 25).
1199 202 1271 285 qui·
1349 276 1351 279 ¹

86 311 145 376 bns
167 311 327 394 perpensis
350 312 413 377 iem
434 331 498 377 non
519 311 619 392 video,
644 332 699 377 cur
722 313 904 380 diffidemus
920 316 1024 381 verbis
1039 334 1135 400 snpre
1154 314 1269 397 allatio,

83 424 197 506 quibus
220 424 424 488 confirmatur
446 424 620 489 Pindarum
641 425 860 506 Perpendrnm
886 425 1054 491 scoliorum
1077 427 1272 492 inventorem

84 535 208 610 dixisse,
231 534 414 617 praesertim
435 554 507 600 cum
529 536 590 601 loci
605 535 767 602 Pindarici
791 539 891 602 exstet
912 538 1136 620 fragmentum,
1158 541 1192 605 in
1216 557 1275 620 qno

84 649 123 714 de
144 647 313 712 scoliomm
339 648 518 713 inventione
546 649 599 732 egi
628 665 818 731 quemquem
840 668 896 732 pro
920 651 1006 715 certo
1028 650 1187 716 affirmare
1210 668 1274 716 non

83 759 170 843 licet,
196 760 303 825 temen
325 758 413 824 facili
435 760 614 826 coniectura
636 761 823 843 assequaris.

187 867 247 934 Sed
269 868 297 934 si
319 870 423 935 locum
438 870 600 936 Plutarchi
623 871 801 937 accuratius
824 873 1059 956 inspexerimus,
1083 875 1271 948 videbimus,

83 999 156 1048 cum
183 981 289 1048 omnia
310 981 482 1063 'lerpendri
510 982 641 1048 inventa
669 984 710 1048 ed
738 983 891 1049 musicam
918 986 1107 1067 pertineant,
1137 987 1173 1050 ut
1193 986 1268 1049 nete

84 1093 206 1172 Dorica,
237 1094 322 1158 totus
352 1094 444 1158 tonus
466 1094 675 1178 myxolydius,
707 1098 818 1161 modus
846 1095 967 1162 orthiee
990 1096 1174 1173 cantilenae,
1202 1100 1268 1160 tre·

84 1206 200 1272 cheeus
222 1207 393 1282 sementes,
417 1206 514 1271 etiam
533 1206 701 1271 scoliorum
723 1205 937 1273 inventionem
959 1207 1039 1273 nihil
1062 1208 1149 1273 alind
1172 1204 1270 1291 signi-

83 1317 184 1401 ficare,
208 1336 304 1401 quem
320 1317 535 1401 Perpendrnm
557 1319 700 1383 carmine
722 1319 897 1384 convivalia
918 1318 958 1385 ed
980 1318 1124 1385 modulos
1145 1319 1270 1403 legibus

83 1430 211 1495 musicis
239 1429 385 1494 astrictos
411 1430 504 1512 atque
527 1429 567 1494 ad
590 1429 708 1495 barbiti
732 1448 844 1495 sonum
867 1435 994 1496 cantare
1017 1430 1166 1508 docuisse,
1196 1449 1270 1496 cum

83 1541 175 1607 antee
197 1540 373 1607 carminum
395 1541 595 1625 popularium
617 1541 721 1605 instar
743 1541 945 1606 cantarentur
966 1543 1149 1608 assentite
1167 1542 1269 1608 dicem

82 1672 156 1719 voce
179 1653 266 1719 nuilo
288 1654 499 1718 instrumento
524 1656 690 1725 occinente.

186 1765 275 1832 Haec
303 1764 332 1828 si
353 1765 459 1829 mente
481 1766 635 1841 tenemus,
666 1765 796 1846 apparet
817 1762 976 1844 Ilgenium
1003 1783 1168 1847 perperam
1191 1767 1270 1833 Plu·

82 1877 182 1941 terchi
190 1877 285 1942 verba
296 1877 538 1959 interpretatum
546 1894 624 1953 esse,
634 1895 706 1939 cum
712 1895 742 1957 p.
750 1873 978 1939 CXLVlIhaec
989 1875 1123 1942 diceret:
1139 1873 1272 1943 ‘exoleta

82 1990 185 2069 μέλη,
213 2005 294 2069 quee
316 1987 471 2052 Pindarus
502 1986 673 2069 intellegit,
701 1987 775 2077 sunt
803 1985 884 2050 nihil
912 1986 1007 2066 eliud,
1039 2006 1135 2070 quam
1158 1993 1271 2054 cantus

80 2098 181 2180 lyrici,
211 2101 243 2161 et
265 2097 401 2162 celebrat
423 2097 590 2163 Thebanus
620 2100 707 2161 vetes
729 2098 948 2179 Terpandrum
970 2100 1134 2181 tamquam
1157 2100 1272 2165 inven-

81 2212 183 2274 torem
203 2211 393 2291 μελοποιΐας
411 2204 538 2292 lyricee'
565 2208 618 2290 (cf.
634 2208 731 2274 etiem
746 2228 775 2291 p.
793 2208 968 2290 LXXVII).
984 2209 1037 2274 sed
1054 2211 1089 2274 id
1109 2228 1170 2275 nen
1191 2213 1288 2277 vitio·

81 2320 268 2385 vertendum
290 2320 339 2384 est
359 2319 490 2402 Ilgenio,
514 2319 542 2384 si
564 2322 747 2401 reputemus
769 2320 900 2386 Pindari
922 2319 1026 2386 locum
1049 2320 1078 2384 ei
1101 2321 1198 2386 fuisse
1220 2324 1272 2388 in·
1354 2356 1360 2372 ·

81 2430 251 2514 cognitum.
288 2449 381 2512 quem
412 2431 439 2494 si
467 2431 617 2508 novisset,
646 2433 728 2496 certe
757 2449 819 2496 non
848 2432 886 2496 de
914 2433 1087 2514 melopoeia
1114 2433 1212 2516 lyrica
1237 2436 1271 2499 in

81 2544 272 2622 universum,
295 2541 349 2606 sed
373 2543 411 2606 de
434 2541 626 2606 carminibus
650 2543 866 2608 convivalibus
889 2543 941 2627 egi
963 2544 1180 2610 intellexisset.

185 2653 268 2718 Setis
290 2655 401 2718 notum
424 2654 526 2718 eutem
546 2671 612 2718 esee
634 2658 723 2735 puto,
747 2655 821 2736 quid
837 2655 897 2720 sibi
913 2656 1016 2720 velint
1038 2657 1158 2720 veteres
1183 2655 1267 2721 hunc

80 2764 211 2830 illumve
226 2767 352 2848 poetam
367 2765 469 2847 poesis
484 2766 640 2847 quoddam
655 2785 755 2849 genus
775 2767 933 2832 invenisse
948 2768 1130 2832 referentes.
1148 2744 1268 2831 etenim

81 2875 135 2958 qni
158 2874 231 2940 huic
251 2878 352 2957 poesis
374 2875 481 2958 generi
503 2876 575 2941 rudi
597 2878 691 2942 antee
710 2897 747 2942 ac
761 2880 867 2943 minus
883 2878 1006 2943 exculto
1021 2878 1142 2941 maiora
1157 2877 1269 2941 attulit

80 2988 274 3053 incrementa
295 2985 476 3069 primusque
498 2988 531 3052 id
553 2989 606 3053 vel
627 2989 666 3054 ad
688 2990 766 3054 artis
787 2991 951 3071 praecepte
974 2989 1132 3053 revocavit
1154 2988 1204 3053 vel
1227 2994 1267 3054 eb

4 3163 6 3168 .
80 3098 152 3164 eliis
179 3097 327 3181 gentibus
357 3101 520 3181 acceptum
551 3101 584 3164 in
612 3098 749 3182 petriam
775 3101 957 3177 introduxit,
988 3100 1028 3164 ad
1051 3118 1124 3164 eum
1147 3100 1267 3165 deferre

81 3209 225 3276 solebant
247 3213 370 3275 veteres
392 3209 531 3277 eiusdem
554 3211 598 3275 rei
619 3207 843 3278 inventionem.
874 3213 968 3293 etque
990 3212 1038 3275 ite
1059 3211 1128 3276 fieri
1151 3213 1264 3295 potuit,

11 3315 14 3321 ’
80 3324 117 3388 nt
132 3322 309 3403 Terpander
324 3320 419 3387 scolia
432 3322 589 3387 invenisse
611 3323 831 3407 perhiberetur
846 3342 865 3387 e
879 3321 1050 3401 veteribus,
1073 3341 1265 3406 quemquam

80 3434 167 3499 omni
195 3434 289 3499 dubio
317 3437 364 3498 est
393 3434 496 3498 maius
518 3435 598 3500 telos
622 3437 731 3502 breves
755 3434 929 3502 cantilenas
953 3434 1133 3501 convivales
1155 3435 1190 3498 in
1212 3452 1264 3497 ore

79 3544 244 3611 hominnm
272 3544 367 3609 fuisse
401 3548 540 3610 versatas
562 3546 626 3612 iam
649 3547 741 3629 longe
763 3547 837 3611 ente
859 3546 1085 3629 Terpcndrum,
1109 3545 1164 3609 sed
1188 3543 1265 3608 arti·

81 3656 234 3722 ficiosiore
257 3655 480 3740 compositione
503 3657 622 3723 musica
645 3657 818 3722 carminum
833 3658 1030 3740 popularium
1052 3656 1153 3720 instar
1175 3673 1263 3737 pror-

80 3785 132 3832 sus
155 3768 302 3833 caruisse.
339 3787 415 3832 nam
437 3769 628 3834 carminibus
651 3769 748 3833 etiem
770 3770 803 3834 in
822 3768 972 3834 conviviis
994 3768 1058 3832 iam
1080 3764 1263 3847 antiquissi-

80 3879 141 3943 mis
171 3880 365 3960 temporibus
393 3898 465 3945 uses
496 3897 563 3947 esse
586 3879 721 3947 Graecos
749 3883 787 3949 ut.
808 3880 907 3951 facile,
924 3877 1090 3961 suspiceris
1113 3877 1145 3941 in
1169 3878 1262 3960 gente
