2934 4892
23 142 122 209 runm
149 142 257 191 versus
288 125 489 209 respexerunt
515 123 548 199 ii,
579 126 632 207 qui
662 125 890 192 mutendenunt
920 127 1046 209 poetam
1074 144 1111 193 ex
1136 126 1239 211 Lydia

45 236 141 303 luisse
168 237 345 317 oriundum,
372 235 412 302 el.
434 236 587 304 Alexand.
611 237 714 303 Aetel.
738 238 771 302 in
794 237 924 303 Anthul.
947 237 1052 305 Palat.
1075 237 1139 302 VII
1162 238 1238 306 709.

44 347 100 415 alii
123 347 281 415 Laconem
303 367 375 412 eum
397 346 492 412 fnisse
515 346 692 425 affirmant3
716 347 754 415 11.
770 347 896 414 Η11111.
911 350 1005 415 Ρ111.
1028 349 1089 432 ing.
1113 348 1182 414 Pul.
1201 350 1232 428 2,

44 457 132 526 Suid.
154 477 180 524 s.
204 479 233 524 1.
252 455 406 544 Ἀλκμάν.
429 461 467 525 de
488 459 598 541 poetae
622 460 726 542 patria
747 459 896 527 dubitant
912 460 1078 543 Antipater
1094 460 1237 527 Thessal.

44 569 143 636 nutu.
167 571 270 636 Palat.
294 569 358 634 Vll
383 569 433 650 18,
463 570 616 637 Leonidas
638 570 801 637 Tarentin.
824 571 866 637 ib.
891 571 954 637 VII
979 572 1028 639 19.
1058 575 1111 639 sed
1134 572 1163 638 si
1184 591 1235 639 re·

45 681 199 766 spicimus
223 700 267 760 sa,
292 699 371 763 quae
393 681 473 747 ‹lieit
490 681 630 748 Velleius
645 682 769 750 Patere.
791 682 809 748 Ι
834 684 889 748 18:
910 674 1076 750 ‘Alcmana
1097 684 1237 750 lacones

44 793 126 863 lalsu
155 794 216 861 sibi
243 789 434 874 vindicant,
468 796 501 863 et
527 796 555 862 si
585 795 652 861 eius
681 795 801 877 poesim
831 796 1008 863 stauratius
1041 793 1236 879 inspicimus,

44 906 132 972 nulla
153 906 258 989 petest
280 924 346 977 asse
360 904 529 983 dubitatio,
552 905 629 988 qula
644 925 661 972 s
676 906 776 990 Lydia
789 905 936 989 Spartam
951 908 1074 973 venerit
1089 907 1234 973 Alcman.

42 1034 134 1099 purm
164 1017 193 1083 si
222 1017 303 1100 apud
327 1016 456 1085 Suidam
484 1016 622 1101 legimus
650 1018 775 1099 petrem
797 1016 961 1083 Alemanis
989 1018 1087 1083 fuisse
1108 1019 1234 1103 Lydum

44 1131 77 1195 et
98 1129 181 1213 apud
203 1127 383 1195 Himerium
405 1146 447 1195 on.
471 1128 509 1204 V,
533 1127 570 1193 3:
596 1124 781 1211 Ἀλκμαίων
810 1127 860 1193 δ’ὁ
883 1128 945 1211 τὴν
966 1132 1104 1213 Δώριον
1125 1132 1236 1214 λύραν

43 1240 183 1317 Λυδίοις
215 1243 357 1325 κεράσας
389 1238 535 1328 ᾅσμασιν
566 1239 600 1304 et
627 1240 708 1324 apud
738 1240 884 1324 Apolloni.
918 1241 956 1305 de
989 1260 1079 1324 pron.
1108 1260 1139 1324 p.
1170 1240 1237 1305 396

39 1349 183 1435 Ἀλκμὰν
206 1361 353 1438 συνεχῶς
374 1352 537 1435 stultius,
559 1351 786 1437 intellegimus,
811 1371 870 1435 que
886 1352 978 1418 modu
999 1351 1068 1418 fieri
1083 1355 1235 1435 potuerit,

43 1466 80 1531 ut
102 1464 167 1533 Iam
189 1462 426 1545 autianssimus
447 1464 539 1547 poeta
562 1462 692 1529 01111111
715 1463 814 1529 111111
836 1464 1011 1529 conflueret.
1040 1468 1134 1547 atque
1157 1463 1235 1530 huic

43 1576 89 1643 rei
111 1574 266 1672 convenit,
296 1575 378 1658 quod
401 1575 558 1659 Archytas
581 1575 664 1657 apud
685 1573 804 1642 Athen.
826 1573 908 1640 XIII
931 1576 995 1640 600
1016 1575 1042 1640 F
1064 1579 1096 1640 et
1119 1575 1234 1643 Suidaa

42 1688 230 1755 Alcmenam
266 1686 459 1754 inventorem
497 1685 675 1753 carminum
713 1686 938 1753 amatorionnm
971 1687 1148 1772 appellant:
1186 1688 1236 1753 ὢν

45 1799 200 1884 ἐρωτικὸς
221 1800 311 1863 πάνυ
334 1797 469 1883 εὑρετὴς
490 1800 606 1882 γέγονε
628 1808 695 1862 τῶν
718 1798 885 1882 ἐρωτικῶν
907 1801 1027 1884 μελῶν.
1253 1788 1257 1795 ’

145 1938 191 2002 01
212 1933 375 2000 Alemanis
397 1934 499 2000 aetate
521 1933 697 2018 disputavit
720 1933 837 2000 Themi.
860 1933 1072 2019 Niggsmeyen
1090 1930 1153 2000 ‘De
1174 1936 1229 2001 Al·

43 2065 155 2115 emane
176 2047 271 2128 poeta
285 2041 461 2124 11111116,
486 2044 610 2111 dissert.
633 2045 714 2127 phil.
733 2045 870 2123 Monast.
889 2046 972 2112 1869
987 2066 1018 2129 p.
1036 2047 1151 2130 1-13,
1179 2047 1232 2130 qui

43 2158 185 2225 floruisse
213 2162 337 2240 postam
364 2156 438 2222 inde
468 2155 508 2223 ab
537 2158 578 2223 11.
602 2156 726 2223 XXVII
750 2158 800 2225 vel
821 2157 912 2222 XXX
938 2157 976 2240 (e.
1002 2158 1118 2223 6101.
1143 2156 1232 2239 0111.)

43 2270 165 2337 statuit.
188 2271 243 2335 sed
266 2267 453 2334 eonferenda
474 2272 558 2348 sunt,
583 2287 663 2352 quae
684 2272 794 2334 eontra
808 2268 1075 2353 Niggemeyerum
1098 2268 1234 2354 protulit

36 2378 203 2452 ,Sussmihl
224 2379 259 2443 in
282 2378 400 2446 Annal.
424 2378 534 2462 philol.
558 2380 619 2444 vul.
643 2377 714 2445 CIX
740 2379 850 2462 (1874)
875 2399 903 2462 p.
927 2380 1001 2446 661.

146 2516 295 2599 Hartung
316 2517 336 2581 1.
361 2535 386 2581 1.
412 2516 517 2581 V14l
540 2535 609 2599 sqq.
634 2516 742 2582 desem
762 2517 924 2583 Alcmanis
948 2518 1126 2601 fragmenta
1147 2517 1234 2581 inter

43 2626 139 2694 seulia
162 2627 308 2692 -rettulit
343 2627 398 2691 sed
431 2626 560 2692 diffieile
587 2626 728 2711 puniente
757 2630 789 2694 et
818 2627 973 2694 lutrinum
1003 2631 1050 2694 est
1077 2649 1094 2694 e
1121 2629 1233 2714 pausis

42 2740 168 2806 tantum
184 2737 297 2817 verbis,
322 2737 436 2820 quibus
459 2738 586 2822 singula
601 2737 780 2822 fragmenta
794 2741 949 2818 constant,
974 2739 1121 2805 carminis
1137 2740 1193 2804 nat
1215 2773 1232 2787 ·

43 2869 110 2916 rann
132 2848 269 2927 definire,
292 2848 481 2932 praesertim
501 2848 641 2933 inpoeta
655 2850 777 2933 Dorice,
801 2851 890 2916 auius
912 2852 1052 2916 earmina
1067 2850 1230 2918 minimam

43 2962 167 3028 tantum
190 2964 312 3043 partem
334 2959 460 3025 fuerunt
483 2961 732 3041 1111111111111,
756 2962 793 3026 ut
815 2963 917 3027 tutius
940 2980 1005 3026 esse
1028 2962 1174 3027 videatur
1193 2978 1233 3025 ea

43 3076 206 3156 poetarum
229 3073 415 3139 Durieurum
444 3073 583 3140 earmina
611 3074 678 3139 sula
705 3074 789 3138 inter
816 3071 913 3138 seulia
939 3073 1062 3155 reterre,
1093 3073 1229 3157 quaele

44 3182 196 3250 conviviis
218 3184 347 3249 cantata
369 3200 437 3249 esee
458 3185 514 3250 ant
536 3187 679 3251 ueterum
701 3183 893 3250 testimoniis
917 3186 972 3249 aut
993 3182 1151 3266 probabili
1167 3183 1228 3250 ali-

43 3313 105 3377 qua
127 3296 304 3361 eenieetuna
327 3293 504 3361 confirmari
526 3299 640 3379 potest.

146 3432 298 3499 Attamen
320 3431 415 3499 aeolia
437 3432 608 3517 1111111111
631 3430 818 3497 Alamanem
839 3430 919 3496 mihi
948 3431 1159 3496 certissimum
1182 3433 1232 3494 est

43 3544 137 3625 atque
169 3546 277 3610 eodem
310 3544 413 3620 medo,
447 3561 507 3626 que
537 3543 754 3626 Terpandrum
783 3541 934 3623 Aeolibus
964 3543 996 3608 et
1023 3542 1229 3626 Pythermum

42 3654 181 3733 Ionibus,
205 3654 252 3720 ita
265 3654 451 3722 Alamanem
467 3653 602 3720 Deribus
626 3655 801 3721 cantilenas
820 3653 893 3720 illas
909 3654 1083 3722 convivales
1099 3673 1116 3719 1
1130 3652 1233 3737 Lydia

42 3763 196 3832 attulisse.
