2934 4892
515 45 797 111 versibus
856 48 1132 114 reddidit
1176 49 1755 130 adnotationesque,
1815 67 1975 130 quae
2034 50 2371 113 maximam
2414 50 2661 130 partem
2704 47 2901 110 inter-

511 157 855 238 pretationi
919 160 1290 240 inserviunt,
1355 160 1604 226 adiecit.
1653 195 1740 209 ——
1784 161 1878 225 De
1924 159 2305 224 carminibus
2352 157 2783 223 convivalibus
2831 156 2899 219 in

514 268 887 335 uuiversum
946 274 1078 353 egit
1138 272 1304 355 Aug.
1353 273 1537 337 Ferd.
1591 271 1950 337 Ribbeck
1998 267 2234 337 ‘Ueber
2293 270 2393 335 die
2450 269 2899 351 Tafelgesange

517 381 627 443 der
673 379 998 448 Griechen'
1061 385 1126 448 in
1188 383 1304 448 hoc
1361 383 1521 448 libro
1568 379 2093 466 ‘Mittheilungen
2152 401 2265 447 aus
2326 384 2491 465 Aug.
2536 380 2714 446 Ferd.
2761 378 2895 445 R.'s

520 527 603 537 —
650 493 1119 560 schriftlichem
1164 495 1527 573 Nachlasse,
1574 495 1943 577 herausgeg.
1994 513 2111 559 von
2157 494 2394 559 Friedr.
2443 492 2723 559 Ribbeck
2767 492 2895 555 und

518 601 755 668 Friedr.
784 603 970 672 Zelle'
1001 606 1209 672 Berol.
1241 606 1406 672 1848
1451 628 1510 690 p.
1544 604 1972 688 loo—170⁴).
2020 606 2170 682 iam,
2203 609 2275 669 ut
2300 610 2653 687 temporum
2678 620 2899 686 sequar

521 714 823 797 ordinem,
886 718 1141 782 nomino
1194 717 1755 800 Hartungium,
1823 716 1930 799 qui
1983 717 2059 780 de
2110 716 2320 781 scoliis
2374 715 2506 797 egit
2558 715 2623 778 in
2677 714 2897 795 operis,

521 828 622 891 cui
690 826 1019 911 inscripsit
1074 825 1224 894 ‘Die
1290 828 1717 911 griechischen
1784 824 2061 910 Lyriker’
2132 826 2255 893 vol.
2319 826 2431 891 IV.
2501 826 2669 908 Lips.
2734 826 2899 891 1856

519 957 578 1020 p.
638 938 1008 1016 226—240,
1081 959 1223 1005 cum
1281 940 1411 1004 iam
1456 957 1618 1004 anuo
1670 938 1835 1004 1846
1898 939 1961 1002 111
2011 934 2256 1003 ‘Diario
2323 938 2681 1002 litterarum
2736 936 2901 1002 anti-

523 1046 805 1130 quarum'
882 1069 944 1132 p.
1005 1050 1135 1115 564
1190 1070 1287 1133 sq.
1352 1069 1496 1115 suas
1554 1053 1629 1114 de
1689 1051 1805 1114 hoc
1863 1051 2203 1114 carminum
2258 1068 2487 1133 genere
2558 1047 2900 1114 sententias

517 1157 800 1225 breviter
844 1162 1235 1243 explicasset,
1295 1165 1482 1244 atque
1539 1161 1765 1225 ultimo
1824 1161 1957 1225 loco
1999 1180 2161 1238 eum,
2221 1161 2330 1242 qui
2388 1159 2727 1237 novissime
2774 1160 2902 1243 egit

518 1274 592 1335 de
642 1274 866 1337 eadem
910 1292 997 1350 re,
1046 1273 1151 1336 Fr.
1198 1272 1657 1350 Ruuckium,
1703 1272 1921 1337 libello
1978 1268 2102 1337 ‘De
2161 1273 2491 1337 scoliorum
2550 1273 2790 1354 origine
2836 1271 2900 1335 et

517 1378 675 1460 usu',
726 1385 1040 1450 dissertat.
1078 1383 1394 1462 Rostoch.,
1439 1383 1506 1447 in
1536 1383 1740 1448 lucem
1776 1382 1941 1448 edito
1975 1383 2255 1447 Berolini
2292 1383 2476 1461 1876,
2515 1400 2898 1464 quamquam

518 1509 753 1571 vereor,
786 1498 859 1558 ut
881 1496 1014 1558 ulla
1038 1513 1110 1559 ex
1133 1495 1251 1560 hac
1280 1494 1851 1577 dissertatiuncula,
1883 1513 2039 1576 quae
2063 1493 2216 1557 XVI
2246 1494 2602 1557 continetur
2630 1494 2895 1576 paginiS,

518 1604 829 1669 redundet
865 1606 1108 1670 utilitas
1139 1605 1243 1687 (cf.
1269 1605 1477 1671 Hiller
1501 1605 1565 1669 in
1591 1605 1884 1669 Bursiani
1910 1603 2133 1669 Annal.
2167 1605 2288 1667 vol.
2314 1602 2485 1668 XIX.
2518 1623 2576 1686 p.
2605 1605 2726 1668 134
2752 1606 2896 1685 sq.).

729 1715 869 1780 Iam
917 1717 991 1794 si,
1041 1736 1119 1780 ne
1164 1716 1312 1798 quid
1366 1718 1645 1781 omisisse
1703 1715 2045 1796 videamur,
2106 1714 2530 1780 addiderimus
2590 1734 2679 1794 ea,
2740 1733 2897 1797 quae

518 1824 727 1892 Baehr
784 1828 847 1891 iu
894 1828 1122 1910 Paulyi
1179 1829 1709 1911 Eucyclopaediae
1769 1830 1887 1894 vol.
1942 1828 2049 1892 VI.
2093 1847 2151 1910 p.
2200 1828 2320 1890 871
2373 1846 2485 1909 sq.,
2537 1827 2707 1891 Bode
2740 1823 2894 1891 ‘Ge-

521 1938 809 2003 schichte
881 1932 1287 2004 der'hellen.
1361 1936 1754 2005 Dichtkunst'
1831 1942 1952 2004 vol.
2012 1941 2093 2006 II.
2161 1960 2220 2022 p.
2279 1941 2339 2003 2.
2407 1959 2467 2021 p.
2533 1937 2895 2021 455—467,

520 2049 723 2115 Ulrici
769 2046 1172 2115 ‘Geschichte
1232 2054 1340 2115 der
1396 2052 1624 2115 hellen.
1684 2046 2081 2116 Dichtkunst'
2135 2053 2254 2115 vol.
2303 2052 2388 2115 ΙΙ.
2447 2071 2505 2134 p.
2553 2049 2896 2115 376-386

520 2162 597 2226 de
645 2161 858 2226 scoliis
906 2163 1343 2243 exposuerunt,
1391 2166 1456 2226 et
1514 2180 1671 2243 quae
1727 2162 1795 2226 in
1839 2161 2252 2244 Bernhardyi‚
2320 2160 2634 2244 Muelleri,
2690 2159 2896 2225 Murei

517 2271 910 2356 aliorumque
966 2274 1348 2356 compendiis
1393 2273 1689 2338 historiae
1735 2273 2096 2337 litterarum
2144 2272 2525 2338 Graecarum
2571 2273 2885 2353 leguntur,

525 2383 630 2446 vix
675 2384 855 2449 nobis
905 2386 1244 2450 verendum
1291 2385 1429 2463 erit,
1482 2405 1557 2449 ne
1604 2384 1853 2449 silentio
1898 2384 2517 2466 praetermiserimuS,
2579 2384 2740 2465 quod
2787 2383 2889 2446 vel

518 2495 788 2560 alicuius
834 2496 1139 2560 momenti
1183 2495 1268 2559 sit
1312 2494 1376 2558 in
1423 2496 1539 2560 hac
1583 2497 1941 2578 quaestione
1989 2495 2397 2577 explicanda}

734 2605 1112 2685 Scoliorum,
1199 2625 1355 2688 quae
1429 2606 1609 2671 nobis
1686 2608 1938 2671 servata
2001 2609 2180 2688 sunt,
2268 2606 2515 2669 textum
2589 2602 2890 2687 praebent

521 2720 775 2798 praeter
839 2718 1177 2801 ngenium,
1247 2719 1632 2797 Jacobsium,
1703 2718 2019 2782 Grimium
2079 2719 2144 2795 ii,
2213 2717 2321 2799 qui
2386 2717 2599 2800 poetas
2663 2716 2890 2799 lyricos

521 2828 790 2893 edendos
836 2832 1228 2908 curaverunt,
1277 2827 1550 2907 Bruuck,
1599 2828 2045 2907 Schneidewin,
2094 2828 2320 2911 Bergk,
2369 2828 2685 2909 Hartung.

630 3048 635 3052 ’
734 3043 775 3107 ⁴)
812 3041 1104 3110 Scriptoris
1139 3057 1330 3094 nomen
1356 3041 1583 3109 librique
1609 3042 1907 3110 genuinum
1932 3040 2157 3094 titulum
2184 3040 2313 3094 Otto
2337 3039 2593 3104 Ribbeck,
2632 3039 2712 3092 ill.
2750 3039 2890 3108 prof.

527 3134 693 3203 Lips.,
743 3135 950 3189 litteris
997 3135 1142 3189 datis
1177 3151 1386 3188 mecum
1422 3135 1840 3189 communicavit
1877 3134 2145 3203 simulque
2169 3133 2396 3203 ,addidit
2431 3150 2493 3187 ex
2528 3150 2589 3186 eo
2625 3133 2767 3187 libro
2803 3137 2892 3186 ut·

524 3230 652 3296 pote
692 3229 761 3283 ad
797 3229 1106 3299 popularem
1143 3230 1526 3298 vulgaremque
1569 3245 1783 3282 sensum
1831 3228 2231 3283 accommodato
2268 3227 2411 3280 nihil
2447 3227 2517 3280 ad
2552 3226 2688 3280 hanc
2724 3242 2889 3295 quae-

523 3322 756 3376 stionem
791 3323 1166 3392 expediendam
1205 3324 1319 3390 peti
1355 3338 1523 3390 posse.
1562 3322 1771 3378 Nicolai
1809 3322 1953 3378 Hist.
1991 3322 2103 3376 litt.
2144 3322 2327 3376 Graec.
2367 3321 2394 3374 I
2437 3326 2550 3386 112,
2598 3321 2689 3390 qui
2725 3321 2892 3374 huius

520 3414 701 3469 libelli
735 3416 1061 3470 mentionem
1098 3416 1248 3482 fecit,
1285 3420 1340 3469 et
1374 3431 1566 3470 nomen
1604 3419 1659 3469 et
1696 3415 1923 3470 titulum
1961 3416 2099 3470 falso
2136 3416 2347 3470 attulit.
